<?xml version="1.0" encoding="UTF-8"?><collection xmlns="http://www.loc.gov/MARC21/slim"><record><leader>00459nam--2200145-i-4500</leader><controlfield tag="001">000043419</controlfield><controlfield tag="002">20161230</controlfield><controlfield tag="005">20161230201044</controlfield><controlfield tag="008">060222s1000------------r-----000-0-eng-d</controlfield><datafield ind1=" " ind2=" " tag="080"><subfield code="a">681.3</subfield></datafield><datafield ind1=" " ind2=" " tag="100"><subfield code="a">Szabo,Nicholas S. And Tanaka,Richard,I</subfield></datafield><datafield ind1=" " ind2=" " tag="245"><subfield code="a">Residue arithmetic and its applications to computer technology</subfield></datafield><datafield ind1=" " ind2=" " tag="260"><subfield code="a">New York, Mcgraw-hill Book Co.,1967. Xvi + 236 P</subfield></datafield><datafield ind1=" " ind2=" " tag="490"><subfield code="a">Mcgraw-hill Series In Inf.Processing And Computers</subfield></datafield><datafield ind1=" " ind2=" " tag="852"><subfield code="a">28956</subfield></datafield></record></collection>